@Article{Baglama2006,
  author={J. Baglama and L. Reichel},
  title={Augmented Implicitly Restarted Lanczos Bidiagonalization Methods},
  journal={SIAM J. Sci. Comput.},
  year={2005},
  pages={19--42},
  volume={27}
}

@Article{Liberty2007,
  author={E. Liberty and F. Woolfe and P. Martinsson and V. Rokhlin and M. Tygert},
  title={Randomized algorithms for the low-rank approximation of matrices},
  journal={Proceedings of the National Academy of Sciences},
  year = {2007},
  volume = {104},
  pages={20167--20172}
}

@Manual{irlbaR,
  title={irlba: Fast partial SVD by implicitly-restarted Lanczos bidiagonalization},
  author={Jim Baglama and Lothar Reichel},
  year={2012},
  note={R package version 1.0.2, Implemented by Bryan Lewis},
  url={http://CRAN.R-project.org/package=irlba},
}

@Manual{irlbaMatlab,
  title={irlba},
  author={Jim Baglama and Lothar Reichel},
  year={2006},
  note={Matlab package version 1.0},
  url={http://www.netlib.org/numeralgo/na26},
}

@Manual{irbpy,
  title={irlbpy: Truncated SVD by implicitly restarted Lanczos bidiagonalization for Numpy},
  author={J. Baglama and M. Kane, B. Lewis and L. Reichel},
  year={2013},
  note={Python package version 0.1.0},
  url={https://github.com/bwlewis/irlbpy}
}

@Manual{scidb,
  title={SciDB: Open Source Data Management and Analytics Software for Scientific Research},
  organization={Paradigm4},
  address={Waltham, MA},
  year={2013},
  url={http://www.scidb.org/}
}
  
